% Straucute from Motion:

@book{multipleviewgeometry,
  added-at = {2012-09-23T11:04:02.000+0200},
  address = {New York, NY, USA},
  author = {Hartley, Richard and Zisserman, Andrew},
  biburl = {https://www.bibsonomy.org/bibtex/24867b22ef159cc28fc1bbe1476a0ec57/daill},
  description = {Multiple View Geometry in Computer Vision},
  edition = 2,
  interhash = {7894893cb1baf364de16c2d27541e4c4},
  intrahash = {4867b22ef159cc28fc1bbe1476a0ec57},
  isbn = {0521540518},
  keywords = {geometry multiple view zisserman},
  publisher = {Cambridge University Press},
  timestamp = {2012-09-23T11:04:02.000+0200},
  title = {Multiple View Geometry in Computer Vision},
  year = 2003
}


% Diffusion based methods:

@misc{novelviewsynthesisdiffusion,
      title={Novel View Synthesis with Diffusion Models}, 
      author={Daniel Watson and William Chan and Ricardo Martin-Brualla and Jonathan Ho and Andrea Tagliasacchi and Mohammad Norouzi},
      year={2022},
      eprint={2210.04628},
      archivePrefix={arXiv},
      primaryClass={cs.CV},
      url={https://arxiv.org/abs/2210.04628}, 
}

@misc{zero1to3,
      title={Zero-1-to-3: Zero-shot One Image to 3D Object}, 
      author={Ruoshi Liu and Rundi Wu and Basile Van Hoorick and Pavel Tokmakov and Sergey Zakharov and Carl Vondrick},
      year={2023},
      eprint={2303.11328},
      archivePrefix={arXiv},
      primaryClass={cs.CV}
}

@article{cat3d,
  title={Cat3d: Create anything in 3d with multi-view diffusion models},
  author={Gao, Ruiqi and Holynski, Aleksander and Henzler, Philipp and Brussee, Arthur and Martin-Brualla, Ricardo and Srinivasan, Pratul and Barron, Jonathan T and Poole, Ben},
  journal={arXiv preprint arXiv:2405.10314},
  year={2024}
}

@misc{viewcrafter,
      title={ViewCrafter: Taming Video Diffusion Models for High-fidelity Novel View Synthesis}, 
      author={Wangbo Yu and Jinbo Xing and Li Yuan and Wenbo Hu and Xiaoyu Li and Zhipeng Huang and Xiangjun Gao and Tien-Tsin Wong and Ying Shan and Yonghong Tian},
      year={2024},
      eprint={2409.02048},
      archivePrefix={arXiv},
      primaryClass={cs.CV},
      url={https://arxiv.org/abs/2409.02048}, 
}

@article{mvadapter,
  title={MV-Adapter: Multi-view Consistent Image Generation Made Easy},
  author={Huang, Zehuan and Guo, Yuanchen and Wang, Haoran and Yi, Ran and Ma, Lizhuang and Cao, Yan-Pei and Sheng, Lu},
  journal={arXiv preprint arXiv:2412.03632},
  year={2024}
}


% Data:

@misc{objaversexl,
      title={Objaverse-XL: A Universe of 10M+ 3D Objects}, 
      author={Matt Deitke and Ruoshi Liu and Matthew Wallingford and Huong Ngo and Oscar Michel and Aditya Kusupati and Alan Fan and Christian Laforte and Vikram Voleti and Samir Yitzhak Gadre and Eli VanderBilt and Aniruddha Kembhavi and Carl Vondrick and Georgia Gkioxari and Kiana Ehsani and Ludwig Schmidt and Ali Farhadi},
      year={2023},
      eprint={2307.05663},
      archivePrefix={arXiv},
      primaryClass={cs.CV},
      url={https://arxiv.org/abs/2307.05663}, 
}

@inproceedings{omniobject3d,
    author = {Tong Wu and Jiarui Zhang and Xiao Fu and Yuxin Wang and Jiawei Ren, 
    Liang Pan and Wayne Wu and Lei Yang and Jiaqi Wang and Chen Qian and Dahua Lin and Ziwei Liu},
    title = {OmniObject3D: Large-Vocabulary 3D Object Dataset for Realistic Perception, 
    Reconstruction and Generation},
    booktitle={IEEE/CVF Conference on Computer Vision and Pattern Recognition (CVPR)},
    year={2023}
}
